@inproceedings{Hybrid,
author = {Arpit Bajpai and Markus Duchon},
title = {A Hybrid Approach of Solar Power Forecasting Using Machine Learning},
year = {2019},
isbn = {978-1-7281-3849-0},
publisher = {IEEE},
pages = {108–113},
numpages = {6},
location = {Berkeley, CA, USA}
}

@inproceedings{NavinSharma,
author = {Navin Sharma and Pranshu Sharma and David Irwin and Prashant Shenoy },
title = {Predicting Solar Generation from Weather
Forecasts Using Machine Learning},
year = {2011},
isbn = {978-1-4577-1704-8},
publisher = {IEEE},
pages = {528–533},
numpages = {6},
location = {Brussels, Belgium }
}

@inproceedings{Mohamed,
author = {Mohamed Abuella and Badrul Chowdhury},
title = {Solar Power Forecasting Using Artificial Neural Networks},
year = {2015},
isbn = {978-1-4673-7389-0},
publisher = {IEEE},
pages = {0–5},
numpages = {5},
location = {Charlotte, NC, USA  }
}

@inproceedings{Sam,
author = {Sam Sanders and Chris Barrick and Frederick Maier and Khaled Rasheed},
title = {Solar Radiation Prediction Improvement Using 
Weather Forecasts},
year = {2017},
isbn = {978-1-4673-7389-0},
publisher = {IEEE},
pages = {978-1-5386-1418-1},
numpages = {6},
location = { Cancun, Mexico }
}

@misc{ipcc,
author = {Masson-Delmotte and V. P. Zhai and H.-O. Pörtner and D. Roberts and J. Skea and P.R. Shukla and A.  Pirani and W.  Moufouma-Okia and  C.  Péan and  R.  Pidcock and  S.  Connors and  J.B.R.  Matthews and Y.  Chen and  X.  Zhou and M.I.  Gomis and   E.  Lonnoy and T.  Maycock and  M. Tignor and T. Waterfield },
title = {{PCC, 2018: Global Warming of 1.5°C. An IPCC Special Report on the impacts of global warming of 1.5°C above pre-industrial levels and related global greenhouse gas emission pathways, in the context of strengthening the global response to the threat of climate change, sustainable development, and efforts to eradicate poverty}},
 howpublished={\url{https://www.ipcc.ch/site/assets/uploads/sites}},
year = {2019}, 
note = "[Online; accessed 19-July-2021]"
}

@inproceedings{iea,
title = {Internation Energy Organization},
note = {\url{https://www.iea.org/reports/electricity-information-overview}},
}

@inproceedings{wna,
title = {World Nuclear Association},
note = {\url{https://world-nuclear.org/information-library/nuclear-fuel-cycle/nuclear-wastes/radioactive-wastes-myths-and-realities.aspx}}
}

@inproceedings{bp,
title = {Our Data In World},
note = {\url{https://ourworldindata.org/renewable-energy}}
}

@inproceedings{geo,
title = {Sri Lanka Geography},
note = {\url{https://en.wikipedia.org/wiki/Geography\_of\_Sri\_Lanka}}
}

@inproceedings{ceb,
title = {Ceylon Electricity Board},
note = {\url{https://ceb.lk/electricity-generated/en}}
}

@inproceedings{precipitation,
title = {Precipitation},
note = {\url{https://en.wikipedia.org/wiki/Precipitation}}
}

@inproceedings{accuracy,
title = {Accuracy of Weather Prediction System},
note = {\url{https://scijinks.gov/forecast-reliability/}}
}

@inproceedings{accuweather,
title = {Accuweather Weather Prediction System},
note = {\url{https://www.accuweather.com/}}
}



@inproceedings{Munmun,
author = {Munmun Biswas and Tanni Dhoom and Sayantanu Barua},
title = {Weather Forecast Prediction: An Integrated Approach 
for Analyzing and Measuring Weather Data},
year = {2018},
isbn = {0975 – 8887},
publisher = {International Journal of Computer Applications},
pages = {20–24},
numpages = {5}
}

@inproceedings{Priyanka,
author = {Priyanka Mahajan and Chhaya Nawale and Siddheshwar Kini and  Krishnanjali Shinde},
title = {Weather Forecasting using Neural Network},
year = {2017},
isbn = {2278-0181},
publisher = {IJERT},
pages = {1–4},
numpages = {4}
}

@inproceedings{ZhanJie,
author = {ZhanJie Wang and A. B. M. Mazharul Mujib},
title = {The Weather Forecast Using Data Mining Research Based on 
Cloud Computing},
year = {2017},
isbn = {910 012020},
publisher = {IOP},
pages = {1–6},
numpages = {6}
}

@Article{rs13163209,
AUTHOR = {Dewitte, Steven and Cornelis, Jan P. and Müller, Richard and Munteanu, Adrian},
TITLE = {Artificial Intelligence Revolutionises Weather Forecast, Climate Monitoring and Decadal Prediction},
JOURNAL = {Remote Sensing},
VOLUME = {13},
YEAR = {2021},
NUMBER = {16},
ARTICLE-NUMBER = {3209},
URL = {https://www.mdpi.com/2072-4292/13/16/3209},
ISSN = {2072-4292},
DOI = {10.3390/rs13163209}
}

@INPROCEEDINGS{8819643,  
author={L., Naveen and H.S., Mohan},  
booktitle={2019 3rd International Conference on Computing Methodologies and Communication (ICCMC)},   
title={Atmospheric Weather Prediction Using various machine learning Techniques: A Survey},   
year={2019},  
pages={422-428},  
doi={10.1109/ICCMC.2019.8819643}}

@article{8441679,
  title={Analysis of Weather Prediction using Machine Learning \& Big Data},
  author={Shubham Madan and Praveen Kumar and Seema Rawat and Tanupriya Choudhury},
  journal={2018 International Conference on Advances in Computing and Communication Engineering (ICACCE)},
  year={2018},
  pages={259-264}
}

@INPROCEEDINGS{8685584,  author={Booz, Jarrett and Yu, Wei and Xu, Guobin and Griffith, David and Golmie, Nada},  booktitle={2019 International Conference on Computing, Networking and Communications (ICNC)},   title={A Deep Learning-Based Weather Forecast System for Data Volume and Recency Analysis},   year={2019},  volume={},  number={},  pages={697-701},  doi={10.1109/ICCNC.2019.8685584}}

@INPROCEEDINGS{8117883,  author={Reddy, P. Chandrashaker and Babu, A. Suresh},  booktitle={2017 Second International Conference on Electrical, Computer and Communication Technologies (ICECCT)},   title={Survey on weather prediction using big data analystics},   year={2017},  volume={},  number={},  pages={1-6},  doi={10.1109/ICECCT.2017.8117883}}

@INPROCEEDINGS{6220375,  author={Omary, Ayham and Wedyan, Ahmad and Zghoul, Ahmed and Banihani, Ahmad and Alsmadi, Izzat},  booktitle={2012 International Conference on Computer, Information and Telecommunication Systems (CITS)},   title={An interactive predictive system for weather forecasting},   year={2012},  volume={},  number={},  pages={1-4},  doi={10.1109/CITS.2012.6220375}}

@INPROCEEDINGS{6136289,  author={Saima, H. and Jaafar, J. and Belhaouari, S. and Jillani, T. A.},  booktitle={2011 National Postgraduate Conference},   title={Intelligent methods for weather forecasting: A review},   year={2011},  volume={},  number={},  pages={1-6},  doi={10.1109/NatPC.2011.6136289}}

@INPROCEEDINGS{8448971,  author={Srinivasan, Kathiravan and Nema, Anant and Huang, Chao-Hsi and Ho, Tung Yang},  booktitle={2018 IEEE International Conference on Consumer Electronics-Taiwan (ICCE-TW)},   title={Weather Forecasting Application Using Web-Based Model-View-Whatever Framework},   year={2018},  volume={},  number={},  pages={1-2},  doi={10.1109/ICCE-China.2018.8448971}}

@INPROCEEDINGS{9163783,  author={Hanifulkhair, Khairunnisa' binti and Priyadi, Ardyono and Lystianingrum, Vita and Delfianti, Rezi},  booktitle={2020 International Seminar on Intelligent Technology and Its Applications (ISITIA)},   title={One Day Ahead Prediction of PV Power Plant for Energy Management System Using Neural Network},   year={2020},  volume={},  number={},  pages={107-112},  doi={10.1109/ISITIA49792.2020.9163783}}

@INPROCEEDINGS{9070340,  author={Manur, Anusha and Marathe, Maitreyee and Manur, Ashray and Ramachandra, Abhishek and Subbarao, Shamsundar and Venkataramanan, Giri},  booktitle={2020 IEEE International Conference on Power Electronics, Smart Grid and Renewable Energy (PESGRE2020)},   title={Smart Solar Home System with Solar Forecasting},   year={2020},  volume={},  number={},  pages={1-6},  doi={10.1109/PESGRE45664.2020.9070340}}

@INPROCEEDINGS{8286013,  author={Ramaswamy, Swaroop and Sadhu, Pradip Kumar},  booktitle={2017 International Conference on Infocom Technologies and Unmanned Systems (Trends and Future Directions) (ICTUS)},   title={Forecasting PV power from solar irradiance and temperature using neural networks},   year={2017},  volume={},  number={},  pages={244-248},  doi={10.1109/ICTUS.2017.8286013}}

@article{DAVID2020e04452,
title = {Future research tendencies for solar energy management using a bibliometric analysis, 2000–2019},
journal = {Heliyon},
volume = {6},
number = {7},
pages = {e04452},
year = {2020},
issn = {2405-8440},
doi = {https://doi.org/10.1016/j.heliyon.2020.e04452},
url = {https://www.sciencedirect.com/science/article/pii/S2405844020312962},
author = {Thamyres Machado David and Paloma Maria {Silva Rocha Rizol} and Marcela Aparecida {Guerreiro Machado} and Gilberto Paschoal Buccieri},
keywords = {Energy, Green engineering, Sustainable development, Energy management, Solar energy, Photovoltaic solar energy, Bibliometry}
}









